<record><leader>00000cas a22000007a 4500</leader><controlfield tag="001">13684250</controlfield><controlfield tag="008">860604d18501854pauwr ne      0    0eng d</controlfield><datafield ind1=" " ind2=" " tag="010"><subfield code="a">sn 86053461 </subfield></datafield><datafield ind1=" " ind2=" " tag="040"><subfield code="a">NPX</subfield><subfield code="b">eng</subfield><subfield code="c">NPX</subfield><subfield code="d">NPH</subfield><subfield code="d">OCLCQ</subfield></datafield><datafield ind1=" " ind2=" " tag="042"><subfield code="a">msc</subfield></datafield><datafield ind1="0" ind2=" " tag="130"><subfield code="a">Venango spectator (Franklin, Pa. : 1850)</subfield></datafield><datafield ind1="1" ind2="4" tag="245"><subfield code="a">The Venango spectator.</subfield></datafield><datafield ind1=" " ind2=" " tag="260"><subfield code="a">Franklin, Pa. :</subfield><subfield code="b">Albert P. Whitaker,</subfield><subfield code="c">1850-1854.</subfield></datafield><datafield ind1=" " ind2=" " tag="300"><subfield code="a">v.</subfield></datafield><datafield ind1=" " ind2=" " tag="310"><subfield code="a">Weekly</subfield></datafield><datafield ind1="0" ind2=" " tag="362"><subfield code="a">Vol. 2, no. 14 (Apr. 10, 1850)- ; -new ser. v. 2, no. 1 (Dec. 21, 1854).</subfield></datafield><datafield ind1=" " ind2=" " tag="500"><subfield code="a">Publishers: A.P. Whitaker &amp; J. Bleakley, &lt;1851&gt;; R.L. Cochran &amp; Co., &lt;1853&gt;.</subfield></datafield><datafield ind1=" " ind2=" " tag="500"><subfield code="a">Editors: J.W. Shugert, &lt;1853&gt;; Robert L. Cochran, &lt;1853&gt;.</subfield></datafield><datafield ind1=" " ind2=" " tag="752"><subfield code="a">United States</subfield><subfield code="b">Pennsylvania</subfield><subfield code="c">Venango</subfield><subfield code="d">Franklin.</subfield></datafield><datafield ind1="0" ind2="0" tag="780"><subfield code="t">Spectator (Franklin, Pa. : 1849)</subfield><subfield code="w">(DLC)sn 88081060</subfield></datafield><datafield ind1="0" ind2="0" tag="785"><subfield code="t">Spectator (Franklin, Pa. : 1855)</subfield><subfield code="w">(DLC)sn 86053462</subfield></datafield><datafield ind1="1" ind2=" " tag="029"><subfield code="a">AU@</subfield><subfield code="b">000025790586</subfield></datafield></record>